<?xml version="1.0" encoding="UTF-8"?><record xmlns="http://www.loc.gov/MARC21/slim" xmlns:cinclude="http://apache.org/cocoon/include/1.0" xmlns:zs="http://www.loc.gov/zing/srw/">
  <leader>01036cz  a2200145n  4500</leader>
  <controlfield tag="001">n  94007215 </controlfield>
  <controlfield tag="003">DLC</controlfield>
  <controlfield tag="005">20140617111549.0</controlfield>
  <controlfield tag="008">940126n| azannaab           |n aaa      </controlfield>
  <datafield tag="010" ind1=" " ind2=" ">
    <subfield code="a">n  94007215 </subfield>
  </datafield>
  <datafield tag="040" ind1=" " ind2=" ">
    <subfield code="a">DLC</subfield>
    <subfield code="b">eng</subfield>
    <subfield code="e">rda</subfield>
    <subfield code="c">DLC</subfield>
    <subfield code="d">DLC</subfield>
  </datafield>
  <datafield tag="046" ind1=" " ind2=" ">
    <subfield code="f">19510918</subfield>
  </datafield>
  <datafield tag="100" ind1="1" ind2=" ">
    <subfield code="a">Harding, Wendy</subfield>
  </datafield>
  <datafield tag="670" ind1=" " ind2=" ">
    <subfield code="a">A world of difference, 1994:</subfield>
    <subfield code="b">CIP t.p. (Wendy Harding)</subfield>
  </datafield>
  <datafield tag="670" ind1=" " ind2=" ">
    <subfield code="a">Myth of emptiness in the new Americna literature of place, 2014:</subfield>
    <subfield code="b">ECIP t.p. (Wendy Harding) data view (b. Sept. 18, 1951; ...lives near Montpellier, France and teaches at the University of Toulouse where she is Professor of English and Co-Director of the American Studies group, G.E.N.A. She obtained a PhD from the University of Connecticut and an H.D.R. from the University of Paris-Sorbonne. She has co-authored two books on contemporary American literature with Jacky Martin, A World of Difference: An Inter-Cultural Study of Toni Morrison's Novels (Greenwood, 1994) and Beyond Words: The Othering Excursion in Contemporary American Literature (Cambridge Scholars, 2007)</subfield>
  </datafield>
</record>